<record><leader>00000cas a22000007a 4500</leader><controlfield tag="001">29894686</controlfield><controlfield tag="008">940302d19581967mauwr ne      0    0eng d</controlfield><datafield ind1=" " ind2=" " tag="010"><subfield code="a">sn 94055755 </subfield></datafield><datafield ind1=" " ind2=" " tag="040"><subfield code="a">MGN</subfield><subfield code="b">eng</subfield><subfield code="c">MGN</subfield><subfield code="d">OCLCQ</subfield></datafield><datafield ind1=" " ind2=" " tag="042"><subfield code="a">msc</subfield></datafield><datafield ind1="0" ind2="0" tag="245"><subfield code="a">West Boylston times.</subfield></datafield><datafield ind1=" " ind2=" " tag="260"><subfield code="a">Oakdale [West Boylston], Mass. :</subfield><subfield code="b">Alfred A. Saltus</subfield></datafield><datafield ind1=" " ind2=" " tag="300"><subfield code="a">v.</subfield></datafield><datafield ind1=" " ind2=" " tag="310"><subfield code="a">Weekly</subfield></datafield><datafield ind1="0" ind2=" " tag="362"><subfield code="a">Vol. 1, no. 1 (Nov. 26, 1958)-v. 9, no. 34 (Aug. 3, 1967).</subfield></datafield><datafield ind1=" " ind2=" " tag="500"><subfield code="a">"Also serving Boylston, Morningdale, Oakdale and Sterling."</subfield></datafield><datafield ind1=" " ind2=" " tag="500"><subfield code="a">Published in Worcester, Mass., Apr. 11-Aug. 29, 1961 and June 19, 1962-Jan. 28, 1964; West Boylston, Mass., Sept. 5, 1961-June 12, 1962 and Feb. 4, 1964-1967.</subfield></datafield><datafield ind1=" " ind2=" " tag="752"><subfield code="a">United States</subfield><subfield code="b">Massachusetts</subfield><subfield code="c">Worcester</subfield><subfield code="d">West Bolyston.</subfield></datafield><datafield ind1=" " ind2=" " tag="752"><subfield code="a">United States</subfield><subfield code="b">Massachusetts</subfield><subfield code="c">Worcester</subfield><subfield code="d">Bolyston.</subfield></datafield><datafield ind1=" " ind2=" " tag="752"><subfield code="a">United States</subfield><subfield code="b">Massachusetts</subfield><subfield code="c">Worcester</subfield><subfield code="d">Sterling.</subfield></datafield><datafield ind1=" " ind2=" " tag="752"><subfield code="a">United States</subfield><subfield code="b">Massachusetts</subfield><subfield code="c">Worcester</subfield><subfield code="d">Worcester.</subfield></datafield></record>